% Encoding: UTF-8

@Book{FominK10,
  title     = {Exact Exponential Algorithms},
  publisher = {Springer},
  year      = {2010},
  author    = {Fedor V. Fomin and Dieter Kratsch},
  doi       = {10.1007/978-3-642-16533-7}
}

@InBook{FominK10intro,
  chapter   = {1},
  title     = {Introduction},
  publisher = {Springer},
  year      = {2010},
  author    = {Fedor V. Fomin and Dieter Kratsch},
  doi       = {10.1007/978-3-642-16533-7}
}

@Book{Gaspers10,
  title     = {Exponential Time Algorithms: Structures, Measures, and Bounds},
  publisher = {VDM Verlag Dr. Mueller},
  year      = {2010},
  author    = {Serge Gaspers},
}

@Article{Woeginger01,
  author  = {Gerhard J. Woeginger},
  title   = {Exact Algorithms for {NP}-Hard Problems: A Survey},
  journal = {Combinatorial Optimization},
  year    = {2001},
  pages   = {185-208},
  doi       = {10.1007/3-540-36478-1_17}
}

@article{Konig31,
  author    = {D{\'e}nes K{\H{o}}nig},
  title     = {Gr{\'a}fok {\'e}s m{\'a}trixok},
  journal   = {Matematikai {\'e}s Fizikai Lapok},
  volume    = {38},
  pages     = {116--119},
  year      = {1931}
}

@article{NemhauserT74,
  author    = {George L. Nemhauser and
               Leslie E. {Trotter Jr.}},
  title     = {Properties of vertex packing and independence system polyhedra},
  journal   = {Math. Program.},
  volume    = {6},
  number    = {1},
  pages     = {48--61},
  year      = {1974}
}

@article{GrammGHN08,
  author    = {Jens Gramm and
               Jiong Guo and
               Falk Huffner and
               Rolf Niedermeier},
  title     = {Data reduction and exact algorithms for clique cover},
  journal   = {{ACM} J. Exp. Algorithmics},
  volume    = {13},
  year      = {2008},
  doi       = {10.1145/1412228.1412236}
}



@Book{CyganFKL+15,
  title     = {Parameterized Algorithms},
  publisher = {Springer},
  year      = {2015},
  author    = {Marek Cygan and Fedor V. Fomin and {\L}ukasz Kowalik and Daniel Lokshtanov and D{\'a}niel Marx and Marcin Pilipczuk and Micha{\l} Pilipczuk and Saket Saurabh},
  doi       = {10.1007/978-3-319-21275-3}
}

@Book{DowneyF13,
  title     = {Fundamentals of Parameterized Complexity},
  publisher = {Springer},
  year      = {2013},
  author    = {Rodney G. Downey and Michael R. Fellows},
  doi       = {10.1007/978-1-4471-5559-1}
}

@Book{Niedermeier06,
  title     = {Invitation to Fixed Parameter Algorithms},
  publisher = {Oxford University Press},
  year      = {2006},
  author    = {Rolf Niedermeier},
  doi       = {10.1093/ACPROF:OSO/9780198566076.001.0001}
}

@Book{FlumG06,
  title     = {Parameterized Complexity Theory},
  publisher = {Springer},
  year      = {2006},
  author    = {J\"{o}rg Flum and Martin Grohe},
  doi       = {10.1007/3-540-29953-X}
}

@Book{CormenLRS09,
  title     = {Introduction to Algorithms},
  publisher = {The MIT Press},
  year      = {2009},
  author    = {Thomas H. Cormen and Charles E. Leiserson and Ronald L. Rivest and Clifford Stein},
  edition   = {3},
}

@Book{GareyJ79,
  title     = {Computers and Intractability: A Guide to the Theory of {NP}-Completeness},
  publisher = {W. H. Freeman \& Co.},
  year      = {1979},
  author    = {Michael R. Garey and David S. Johnson},
}

@InProceedings{Cook71,
  author    = {Cook, Stephen A.},
  title     = {The Complexity of Theorem-Proving Procedures},
  booktitle = {Proceedings of the 3rd Annual ACM Symposium on Theory of Computing (STOC 1971)},
  year      = {1971},
  pages     = {151--158},
}

@article{Aaronson05,
  author    = {Scott Aaronson},
  title     = {Guest Column: NP-complete problems and physical reality},
  journal   = {{SIGACT} News},
  volume    = {36},
  number    = {1},
  pages     = {30--52},
  year      = {2005},
  doi       = {10.1145/1052796.1052804}
}

@Article{Levin73,
  author    = {Leonid Levin},
  title     = {Universal sequential search problems},
  journal   = {Problems of Information Transmission},
  year      = {1973},
  volume    = {9},
  number    = {3},
  pages     = {265-266}
}

@InCollection{Karp72,
  author    = {Karp, Richard M.},
  title     = {Reducibility among combinatorial problems},
  booktitle = {Complexity of computer computations (Proc. Sympos., IBM Thomas J. Watson Res. Center, Yorktown Heights, N.Y., 1972)},
  publisher = {Plenum},
  year      = {1972},
  pages     = {85--103},
  address   = {New York}
}

@Book{FominLSZ19,
  title     = {Kernelization. Theory of Parameterized Preprocessing},
  publisher = {Cambridge University Press},
  year      = {2019},
  author    = {Fedor V. Fomin and Daniel Lokshtanov and Saket Saurabh and Meirav Zehavi}
}

@Article{DahlhausJPSZ94,
  author  = {Elias Dahlhaus and David S. Johnson and Christos H. Papadimitriou and Paul D. Seymour and Mihalis Yannakakis},
  title   = {The Complexity of Multiterminal Cuts},
  journal = {SIAM Journal on Computing},
  year    = {1994},
  volume  = {23},
  number  = {4},
  pages   = {864-894},
  doi     = {10.1017/9781107415157}
}

@InProceedings{CohenLS19,
  author    = {Michael B. Cohen and
               Yin Tat Lee and
               Zhao Song},
  title     = {Solving linear programs in the current matrix multiplication time},
  booktitle = {Proceedings of the 51st Annual {ACM} {SIGACT} Symposium on Theory
               of Computing ({STOC} 2019)},
  pages     = {938--942},
  year      = {2019},
  publisher = {{ACM}}
}

@Book{Vazirani03,
  title     = {Approximation Algorithms},
  publisher = {Springer},
  year      = {2003},
  author    = {Vazirani, Vijay V.}
}

@InBook{FellowsJKRW18,
  pages     = {330--356},
  title     = {What Is Known About Vertex Cover Kernelization?},
  publisher = {Springer},
  year      = {2018},
  author    = {Fellows, Michael R. and Jaffke, Lars and Kir{\'a}ly, Aliz Izabella and Rosamond, Frances A. and Weller, Mathias},
  editor    = {B{\"o}ckenhauer, Hans-Joachim and Komm, Dennis and Unger, Walter},
  booktitle = {Adventures Between Lower Bounds and Higher Altitudes: Essays Dedicated to Juraj Hromkovi{\v{c}} on the Occasion of His 60th Birthday}
}

@Article{ChenKX10,
  author    = {Jianer Chen and
               Iyad A. Kanj and
               Ge Xia},
  title     = {Improved upper bounds for vertex cover},
  journal   = {Theoretical Computer Science},
  volume    = {411},
  number    = {40-42},
  pages     = {3736--3756},
  year      = {2010},
  doi       = {10.1016/j.tcs.2010.06.026}
}

@Article{BjorklundHK09,
  author    = {Andreas Bj{\"{o}}rklund and
               Thore Husfeldt and
               Mikko Koivisto},
  title     = {Set Partitioning via Inclusion-Exclusion},
  journal   = {{SIAM} Journal on Computing},
  volume    = {39},
  number    = {2},
  pages     = {546--563},
  year      = {2009}
}

@Article{DowneyF95II,
  author    = {Rodney G. Downey and
               Michael R. Fellows},
  title     = {Fixed-Parameter Tractability and Completeness {II:} On Completeness
               for {W[1]}},
  journal   = {Theoretical Computer Science},
  volume    = {141},
  number    = {1{\&}2},
  pages     = {109--131},
  year      = {1995}
}

@article{DowneyF95I,
  author    = {Rodney G. Downey and
               Michael R. Fellows},
  title     = {Fixed-Parameter Tractability and Completeness {I:} Basic Results},
  journal   = {{SIAM} Journal on Computing},
  volume    = {24},
  number    = {4},
  pages     = {873--921},
  year      = {1995}
}

@article{FominGK09,
  author    = {Fedor V. Fomin and
               Fabrizio Grandoni and
               Dieter Kratsch},
  title     = {A measure {\&} conquer approach for the analysis of exact algorithms},
  journal   = {Journal of the {ACM}},
  volume    = {56},
  number    = {5},
  pages     = {25:1--25:32},
  year      = {2009}
}

@article{GaspersS12,
  author    = {Serge Gaspers and
               Gregory B. Sorkin},
  title     = {A universally fastest algorithm for {M}ax 2-{S}at, {M}ax 2-{CSP}, and everything
               in between},
  journal   = {Journal of Computer and System Sciences},
  volume    = {78},
  number    = {1},
  pages     = {305--335},
  year      = {2012}
}

@Unpublished{SorgeW13,
  author = {Manuel Sorge and Mathias Weller},
  title  = {The Graph Parameter Hierarchy},
  note   = {Unpublished manuscript, available from https://manyu.pro/assets/parameter-hierarchy.pdf},
  year   = {2013},
}

@TechReport{LiN19,
  author      = {Jason Li and Jesper Nederlof},
  title       = {Detecting Feedback Vertex Sets of Size $k$ in $O^*(2.7^k)$ Time},
  institution = {arXiv CoRR},
  year        = {2019},
  number      = {abs/1906.12298},
  url         = {http://arxiv.org/abs/1906.12298},
}

@TechReport{IwataK19,
  author      = {Yoichi Iwata and Yusuke Kobayashi},
  title       = {Improved Analysis of Highest-Degree Branching for Feedback Vertex Set},
  institution = {arXiv CoRR},
  year        = {2019},
  number      = {abs/1905.12233},
  url         = {http://arxiv.org/abs/1905.12233},
}

@Article{KneisLR11,
  author  = {Joachim Kneis and Alexander Langer and Peter Rossmanith},
  title   = {A New Algorithm for Finding Trees with Many Leaves},
  journal = {Algorithmica},
  year    = {2011},
  volume  = {61},
  number  = {4},
  pages   = {882--897},
}

@Article{Kullmann99,
  author    = {Oliver Kullmann},
  title     = {New Methods for 3-SAT Decision and Worst-case Analysis},
  journal   = {Theoretical Computer Science},
  volume    = {223},
  number    = {1-2},
  pages     = {1--72},
  year      = {1999}
}

@article{XiaoN17,
  author    = {Mingyu Xiao and
               Hiroshi Nagamochi},
  title     = {Exact algorithms for maximum independent set},
  journal   = {Information and Computation},
  volume    = {255},
  pages     = {126--146},
  year      = {2017},
  doi       = {10.1016/j.ic.2017.06.001}
}

@Article{Zehavi18,
  author  = {Meirav Zehavi},
  title   = {The k-leaf spanning tree problem admits a klam value of 39},
  journal = {Eur. J. Comb.},
  year    = {2018},
  volume  = {68},
  pages   = {175--203},
}

@inproceedings{RichterHG07,
  author    = {Silvia Richter and
               Malte Helmert and
               Charles Gretton},
  title     = {A Stochastic Local Search Approach to Vertex Cover},
  booktitle = {Proceedings of the 30th Annual German Conference on Artificial Intelligence ({KI} 2007)},
  series    = {Lecture Notes in Computer Science},
  volume    = {4667},
  pages     = {412--426},
  publisher = {Springer},
  year      = {2007},
  doi       = {10.1007/978-3-540-74565-5_31}
}

@book{Golumbic04,
  author    = {Martin Charles Golumbic},
  title     = {Algorithmic Graph Theory and Perfect Graphs},
  publisher = {Elsevier},
  year      = {2004}
}

@Article{Bodlaender96,
  author  = {Bodlaender, Hans L.},
  title   = {A linear-time algorithm for finding tree-decompositions of small treewidth},
  journal = SiamJC,
  year    = {1996},
  volume  = {25},
  number  = {6},
  pages   = {1305--1317},
}

@Article{Courcelle90,
  author  = {Courcelle, Bruno},
  title   = {The monadic second-order logic of graphs. {I}. {R}ecognizable sets of finite graphs},
  journal = {Information and Computation},
  year    = {1990},
  volume  = {85},
  number  = {1},
  pages   = {12--75},
}

@Article{ArnborgLS91,
  author  = {Arnborg, Stefan and Lagergren, Jens and Seese, Detlef},
  title   = {Easy problems for tree-decomposable graphs},
  journal = {Journal of Algorithms},
  year    = {1991},
  volume  = {12},
  number  = {2},
  pages   = {308--340},
}

@Book{Kloks94,
  title     = {Treewidth: Computations and Approximations},
  publisher = {Springer},
  year      = {1994},
  author    = {Ton Kloks},
  address   = {Berlin},
}

@Article{GottlobSS02,
  author  = {Gottlob, Georg and Scarcello, Francesco and Sideri, Martha},
  title   = {Fixed-parameter complexity in {AI} and nonmonotonic reasoning},
  journal = {Journal of Artificial Intelligence},
  year    = {2002},
  volume  = {138},
  number  = {1-2},
  pages   = {55--86},
}

@Article{FominGPR08,
  author    = {Fomin, Fedor V. and Gaspers, Serge and Pyatkin, Artem V. and Razgon, Igor},
  title     = {On the minimum feedback vertex set problem: exact and enumeration algorithms},
  journal   = {Algorithmica},
  year      = {2008},
  volume    = {52},
  number    = {2},
  pages     = {293-307}
}

@Article{XiaoN15,
  author    = {Mingyu Xiao and
               Hiroshi Nagamochi},
  title     = {An improved exact algorithm for undirected feedback vertex set},
  journal   = {Journal of Combinatorial Optimization},
  volume    = {30},
  number    = {2},
  pages     = {214--241},
  year      = {2015},
}

@article{HartungN13,
  author    = {Sepp Hartung and
               Rolf Niedermeier},
  title     = {Incremental list coloring of graphs, parameterized by conservation},
  journal   = {Theor. Comput. Sci.},
  volume    = {494},
  pages     = {86--98},
  year      = {2013},
  doi       = {10.1016/j.tcs.2012.12.049}
}

@article{GaspersGJMR19,
  author    = {Serge Gaspers and
               Joachim Gudmundsson and
               Mitchell Jones and
               Juli{\'{a}}n Mestre and
               Stefan R{\"{u}}mmele},
  title     = {Turbocharging Treewidth Heuristics},
  journal   = {Algorithmica},
  volume    = {81},
  number    = {2},
  pages     = {439--475},
  year      = {2019},
  doi       = {10.1007/s00453-018-0499-1}
}

@inproceedings{SlivovskyS20,
  author    = {Friedrich Slivovsky and
               Stefan Szeider},
  title     = {A Faster Algorithm for Propositional Model Counting Parameterized
               by Incidence Treewidth},
  booktitle = {Proceedings of the 23rd International Conference on Theory and Applications of Satisfiability Testing ({SAT} 2020)},
  series    = {Lecture Notes in Computer Science},
  volume    = {12178},
  pages     = {267--276},
  publisher = {Springer},
  year      = {2020}
}

@inproceedings{FominV10,
  author    = {Fedor V. Fomin and
               Yngve Villanger},
  title     = {Finding Induced Subgraphs via Minimal Triangulations},
  booktitle = {Proceedings of the 27th International Symposium on Theoretical Aspects of Computer Science ({STACS} 2010)},
  pages     = {383--394},
  year      = {2010},
  series    = {LIPIcs},
  volume    = {5},
  publisher = {Schloss Dagstuhl - Leibniz-Zentrum fuer Informatik},
}

@article{Bodlaender94,
  author    = {Hans L. Bodlaender},
  title     = {On Disjoint Cycles},
  journal   = {International Journal of Foundations of Computer Science},
  volume    = {5},
  number    = {1},
  pages     = {59--68},
  year      = {1994},
}

@BOOK{DowneyF99,
  title = {Parameterized Complexity},
  publisher = {Springer},
  year = {1999},
  author = {Downey, Rodney G. and Fellows, Michael R.},
  series = {Monographs in Computer Science},
  address = {New York}
}

@article{FominGLS19,
  author    = {Fedor V. Fomin and
               Serge Gaspers and
               Daniel Lokshtanov and
               Saket Saurabh},
  title     = {Exact Algorithms via Monotone Local Search},
  journal   = {Journal of the {ACM}},
  volume    = {66},
  number    = {2},
  pages     = {8:1--8:23},
  year      = {2019},
}



@inproceedings{GaspersL17,
  author    = {Serge Gaspers and
               Edward J. Lee},
  title     = {Exact Algorithms via Multivariate Subroutines},
  booktitle = {Proceedings of the 44th International Colloquium on Automata, Languages, and Programming
               ({ICALP} 2017)},
  pages     = {69:1--69:13},
  year      = {2017},
  series    = {LIPIcs},
  volume    = {80},
  publisher = {Schloss Dagstuhl - Leibniz-Zentrum fuer Informatik},
}

@PhdThesis{Wahlstrom07,
  author = {Magnus Wahlstr{\"{o}}m},
  title  = {Algorithms, measures and upper bounds for satisfiability and related problems},
  school = {Link{\"{o}}ping University, Sweden},
  year   = {2007},
}

@inproceedings{CalabroIP06,
  author    = {Chris Calabro and
               Russell Impagliazzo and
               Ramamohan Paturi},
  title     = {A Duality between Clause Width and Clause Density for {SAT}},
  booktitle = {Proceedings of the 21st Annual {IEEE} Conference on Computational Complexity ({CCC} 2006)},
  pages     = {252--260},
  year      = {2006},
  publisher = {{IEEE} Computer Society},
}

@incollection{DantsinH09,
  author    = {Evgeny Dantsin and
               Edward A. Hirsch},
  title     = {Worst-Case Upper Bounds},
  booktitle = {Handbook of Satisfiability},
  pages     = {403--424},
  year      = {2009},
  series    = {Frontiers in Artificial Intelligence and Applications},
  volume    = {185},
  publisher = {{IOS} Press},
}

@inproceedings{HansenKZZ19,
  author    = {Thomas Dueholm Hansen and
               Haim Kaplan and
               Or Zamir and
               Uri Zwick},
  title     = {Faster \emph{k}-SAT algorithms using biased-PPSZ},
  booktitle = {Proceedings of the 51st Annual {ACM} {SIGACT} Symposium on Theory
               of Computing ({STOC} 2019)},
  pages     = {578--589},
  year      = {2019},
  publisher = {{ACM}},
}

@inproceedings{Liu18,
  author    = {Sixue Liu},
  title     = {Chain, Generalization of Covering Code, and Deterministic Algorithm for k-SAT},
  booktitle = {Proceedings of the 45th International Colloquium on Automata, Languages, and Programming ({ICALP} 2018)},
  pages     = {88:1--88:13},
  year      = {2018},
  series    = {LIPIcs},
  volume    = {107},
  publisher = {Schloss Dagstuhl - Leibniz-Zentrum fuer Informatik},
}

@article{ImpagliazzoPZ01,
  author    = {Russell Impagliazzo and
               Ramamohan Paturi and
               Francis Zane},
  title     = {Which Problems Have Strongly Exponential Complexity?},
  journal   = {Journal of Computer and System Sciences},
  volume    = {63},
  number    = {4},
  pages     = {512--530},
  year      = {2001},
}

@article{CyganDLMNOPSW16,
  author    = {Marek Cygan and
               Holger Dell and
               Daniel Lokshtanov and
               D{\'{a}}niel Marx and
               Jesper Nederlof and
               Yoshio Okamoto and
               Ramamohan Paturi and
               Saket Saurabh and
               Magnus Wahlstr{\"{o}}m},
  title     = {On Problems as Hard as {CNF-SAT}},
  journal   = {{ACM} Transactions on Algorithms},
  volume    = {12},
  number    = {3},
  pages     = {41:1--41:24},
  year      = {2016},
}

@article{Lin18,
  author    = {Bingkai Lin},
  title     = {The Parameterized Complexity of the \emph{k}-Biclique Problem},
  journal   = {Journal of the {ACM}},
  volume    = {65},
  number    = {5},
  pages     = {34:1--34:23},
  year      = {2018},
}

@inproceedings{BonnetGLRS17,
  author    = {{\'{E}}douard Bonnet and
               Serge Gaspers and
               Antonin Lambilliotte and
               Stefan R{\"{u}}mmele and
               Abdallah Saffidine},
  title     = {The Parameterized Complexity of Positional Games},
  booktitle = {Proceedings of the 44th International Colloquium on Automata, Languages, and Programming ({ICALP} 2017)},
  pages     = {90:1--90:14},
  year      = {2017},
  series    = {LIPIcs},
  volume    = {80},
  publisher = {Schloss Dagstuhl - Leibniz-Zentrum fuer Informatik},
}



@inproceedings{CaludeJKL017,
  author    = {Cristian S. Calude and
               Sanjay Jain and
               Bakhadyr Khoussainov and
               Wei Li and
               Frank Stephan},
  title     = {Deciding parity games in quasipolynomial time},
  booktitle = {Proceedings of the 49th Annual {ACM} {SIGACT} Symposium on Theory
               of Computing ({STOC} 2017)},
  pages     = {252--263},
  year      = {2017},
  publisher = {{ACM}},
}



@Comment{jabref-meta: databaseType:bibtex;}
